<record xmlns="http://www.loc.gov/MARC21/slim">
   <leader>02537cam a2200373 i 45 0</leader>
   <controlfield tag="001">6805154</controlfield>
   <controlfield tag="003">OCoLC</controlfield>
   <controlfield tag="005">20150213151647.0</controlfield>
   <controlfield tag="008">140728s2015    paua     bf   001 0 eng  </controlfield>
   <datafield ind1=" " ind2=" " tag="010">
      <subfield code="a">  2014029877</subfield>
   </datafield>
   <datafield ind1=" " ind2=" " tag="020">
      <subfield code="a">9781451193695</subfield>
      <subfield code="q">paperback</subfield>
   </datafield>
   <datafield ind1=" " ind2=" " tag="020">
      <subfield code="a">1451193696</subfield>
      <subfield code="q">paperback</subfield>
   </datafield>
   <datafield ind1=" " ind2=" " tag="035">
      <subfield code="a">ocn885148231</subfield>
   </datafield>
   <datafield ind1=" " ind2=" " tag="040">
      <subfield code="a">DNLM/DLC</subfield>
      <subfield code="e">rda</subfield>
      <subfield code="b">eng</subfield>
      <subfield code="c">DLC</subfield>
      <subfield code="d">YDX</subfield>
      <subfield code="d">YDXCP</subfield>
      <subfield code="d">EXN</subfield>
      <subfield code="d">AFMK</subfield>
   </datafield>
   <datafield ind1=" " ind2=" " tag="042">
      <subfield code="a">pcc</subfield>
   </datafield>
   <datafield ind1="0" ind2="0" tag="050">
      <subfield code="a">RT48</subfield>
      <subfield code="b">.J46 2015</subfield>
   </datafield>
   <datafield ind1="1" ind2="0" tag="060">
      <subfield code="a">WY 49</subfield>
   </datafield>
   <datafield ind1="0" ind2="0" tag="082">
      <subfield code="a">616.07/5</subfield>
      <subfield code="2">23</subfield>
   </datafield>
   <datafield ind1=" " ind2=" " tag="090">
      <subfield code="a">RT 48 J46 2015</subfield>
      <subfield code="b">AFMK</subfield>
   </datafield>
   <datafield ind1="1" ind2=" " tag="100">
      <subfield code="a">Jensen, Sharon,</subfield>
      <subfield code="d">1955-</subfield>
      <subfield code="e">author.</subfield>
   </datafield>
   <datafield ind1="1" ind2="0" tag="245">
      <subfield code="a">Pocket guide for nursing health assessment :</subfield>
      <subfield code="b">a best practice approach /</subfield>
      <subfield code="c">Sharon Jensen.</subfield>
   </datafield>
   <datafield ind1=" " ind2=" " tag="250">
      <subfield code="a">Edition 2.</subfield>
   </datafield>
   <datafield ind1=" " ind2="1" tag="264">
      <subfield code="a">Philadelphia, PA :</subfield>
      <subfield code="b">Wolters Kluwer,</subfield>
      <subfield code="c">[2015]</subfield>
   </datafield>
   <datafield ind1=" " ind2=" " tag="300">
      <subfield code="a">vii, 646 pages :</subfield>
      <subfield code="b">color illustrations ;</subfield>
      <subfield code="c">19 cm</subfield>
   </datafield>
   <datafield ind1=" " ind2=" " tag="336">
      <subfield code="a">text</subfield>
      <subfield code="2">rdacontent</subfield>
   </datafield>
   <datafield ind1=" " ind2=" " tag="337">
      <subfield code="a">unmediated</subfield>
      <subfield code="2">rdamedia</subfield>
   </datafield>
   <datafield ind1=" " ind2=" " tag="338">
      <subfield code="a">volume</subfield>
      <subfield code="2">rdacarrier</subfield>
   </datafield>
   <datafield ind1=" " ind2=" " tag="500">
      <subfield code="a">Supplement to: Nursing health assessment / Sharon Jensen. Second edition. [2015].</subfield>
   </datafield>
   <datafield ind1=" " ind2=" " tag="504">
      <subfield code="a">Includes bibliographical references and index.</subfield>
   </datafield>
   <datafield ind1=" " ind2=" " tag="520">
      <subfield code="a">"The second edition of the Pocket Guide is designed to work as a clinical handbook and up-to-date reference for nurses when interviewing patients of all age groups and cultural backgrounds, taking health histories, promoting health, and performing physical assessments. The content derives from and has been developed in conjunction with Jensen's Nursing Health Assessment: A Best Practice Approach and serves to both review the core content provided in the textbook as well as help students apply their foundational learning through reinforcement and streamlined presentation. The content focuses on key questions in the area of health promotion, reviewing important risk factors and outlining essential teaching points for risk assessment and intervention. It includes essential questions to review common and concerning signs and symptoms for each health assessment topic. The chapters review the key techniques of examination, outlining normal and unexpected findings. Finally, tables of findings provide a quick reference by which students can compare and contrast results to assist with eventual nursing and medical diagnoses"--Provided by publisher.</subfield>
   </datafield>
   <datafield ind1=" " ind2="2" tag="650">
      <subfield code="a">Nursing Assessment</subfield>
      <subfield code="v">Handbooks.</subfield>
   </datafield>
   <datafield ind1="1" ind2=" " tag="700">
      <subfield code="i">Supplement to (work):</subfield>
      <subfield code="a">Jensen, Sharon,</subfield>
      <subfield code="d">1955-</subfield>
      <subfield code="t">Nursing health assessment.</subfield>
   </datafield>
   <datafield ind1=" " ind2=" " tag="596">
      <subfield code="a">8</subfield>
   </datafield>
   <datafield ind1=" " ind2=" " tag="926">
      <subfield code="a">RT 48 J46 2015</subfield>
      <subfield code="w">LC</subfield>
      <subfield code="c">1</subfield>
      <subfield code="i">34917001374243</subfield>
      <subfield code="d">3/28/2017</subfield>
      <subfield code="e">3/14/2017</subfield>
      <subfield code="l">ON_SHELF</subfield>
      <subfield code="m">KEYANO</subfield>
      <subfield code="n">15</subfield>
      <subfield code="p">$47.49</subfield>
      <subfield code="r">Y</subfield>
      <subfield code="s">Y</subfield>
      <subfield code="t">BOOK</subfield>
      <subfield code="u">2/13/2015</subfield>
      <subfield code="o">.STAFF. Rec'd Mar/15 MW</subfield>
   </datafield>
</record>
